<record><leader>01501cam a2200433 i 4500</leader><controlfield tag="001">6812606</controlfield><controlfield tag="003">OCoLC</controlfield><controlfield tag="005">20150216114348.0</controlfield><controlfield tag="008">141020t20152015nyua     b    000 0 eng  </controlfield><datafield ind1=" " ind2=" " tag="010"><subfield code="a">  2014021543</subfield></datafield><datafield ind1=" " ind2=" " tag="020"><subfield code="a">9780415735315</subfield><subfield code="q">hardback</subfield></datafield><datafield ind1=" " ind2=" " tag="020"><subfield code="a">0415735319</subfield><subfield code="q">hardback</subfield></datafield><datafield ind1=" " ind2=" " tag="020"><subfield code="a">9780415735346</subfield><subfield code="q">pbk.</subfield></datafield><datafield ind1=" " ind2=" " tag="020"><subfield code="a">0415735343</subfield><subfield code="q">pbk.</subfield></datafield><datafield ind1=" " ind2=" " tag="020"><subfield code="z">9781315819259</subfield><subfield code="q">electronic bk.</subfield></datafield><datafield ind1=" " ind2=" " tag="035"><subfield code="a">ocn894149416</subfield></datafield><datafield ind1=" " ind2=" " tag="040"><subfield code="a">DLC</subfield><subfield code="b">eng</subfield><subfield code="e">rda</subfield><subfield code="c">DLC</subfield><subfield code="d">YDX</subfield><subfield code="d">YDXCP</subfield><subfield code="d">OCLCO</subfield><subfield code="d">UAB</subfield><subfield code="d">AEU</subfield></datafield><datafield ind1=" " ind2=" " tag="042"><subfield code="a">pcc</subfield></datafield><datafield ind1="0" ind2="0" tag="050"><subfield code="a">LB1025.3</subfield><subfield code="b">.T48 2015</subfield></datafield><datafield ind1="0" ind2="0" tag="082"><subfield code="a">371.102</subfield><subfield code="2">23</subfield></datafield><datafield ind1=" " ind2=" " tag="090"><subfield code="a">LB 1025.3 T48 2015</subfield><subfield code="b">AEU</subfield></datafield><datafield ind1="1" ind2=" " tag="100"><subfield code="a">Terrell, Shelly Sanchez,</subfield><subfield code="e">author.</subfield></datafield><datafield ind1="1" ind2="4" tag="245"><subfield code="a">The 30 goals challenge for teachers :</subfield><subfield code="b">small steps to transform your teaching /</subfield><subfield code="c">Shelly Sanchez Terrell.</subfield></datafield><datafield ind1="3" ind2="0" tag="246"><subfield code="a">Thirty goals challenge for teachers</subfield></datafield><datafield ind1=" " ind2="1" tag="264"><subfield code="a">New York :</subfield><subfield code="b">Routledge/Taylor &amp; Francis Group,</subfield><subfield code="c">2015.</subfield></datafield><datafield ind1=" " ind2="4" tag="264"><subfield code="c">&#169;2015</subfield></datafield><datafield ind1=" " ind2=" " tag="300"><subfield code="a">xvii, 219 pages :</subfield><subfield code="b">illustrations ;</subfield><subfield code="c">28 cm.</subfield></datafield><datafield ind1=" " ind2=" " tag="336"><subfield code="a">text</subfield><subfield code="2">rdacontent</subfield></datafield><datafield ind1=" " ind2=" " tag="337"><subfield code="a">unmediated</subfield><subfield code="2">rdamedia</subfield></datafield><datafield ind1=" " ind2=" " tag="338"><subfield code="a">volume</subfield><subfield code="2">rdacarrier</subfield></datafield><datafield ind1="1" ind2=" " tag="490"><subfield code="a">Eye on education book</subfield></datafield><datafield ind1=" " ind2=" " tag="504"><subfield code="a">Includes bibliographical references.</subfield></datafield><datafield ind1=" " ind2=" " tag="596"><subfield code="a">41</subfield></datafield><datafield ind1=" " ind2="0" tag="650"><subfield code="a">Teaching.</subfield></datafield><datafield ind1=" " ind2="0" tag="650"><subfield code="a">Effective teaching.</subfield></datafield><datafield ind1=" " ind2="0" tag="650"><subfield code="a">Classroom management.</subfield></datafield><datafield ind1=" " ind2="0" tag="830"><subfield code="a">Eye on education book.</subfield></datafield><datafield ind1=" " ind2=" " tag="949"><subfield code="a">LB 1025.3 T48 2015</subfield><subfield code="h">UAED-B</subfield><subfield code="i">0162035243409</subfield></datafield><datafield ind1=" " ind2=" " tag="926"><subfield code="a">LB 1025.3 T48 2015</subfield><subfield code="w">LC</subfield><subfield code="c">1</subfield><subfield code="i">0162035243409</subfield><subfield code="d">4/24/2015</subfield><subfield code="e">3/29/2015</subfield><subfield code="l">FLOOR_2</subfield><subfield code="m">UAEDUC</subfield><subfield code="n">1</subfield><subfield code="p">$150.00</subfield><subfield code="r">Y</subfield><subfield code="s">Y</subfield><subfield code="t">BOOK</subfield><subfield code="u">2/26/2015</subfield></datafield></record>